%1
@article{dean2008mapreduce,
  title={MapReduce: simplified data processing on large clusters},
  author={Dean, Jeffrey and Ghemawat, Sanjay},
  journal={Communications of the ACM},
  volume={51},
  number={1},
  pages={107--113},
  year={2008},
  publisher={ACM}
}
%2
@article{Vavilapalli2013,
author = {Vavilapalli, Vinod Kumar and Murthy, Arun C and Douglas, Chris and Agarwal, Sharad and Konar, Mahadev and Evans, Robert and Graves, Thomas and Lowe, Jason and Shah, Hitesh and Seth, Siddharth},
file = {:C$\backslash$:/Users/Administrator/AppData/Local/Mendeley Ltd./Mendeley Desktop/Downloaded/Vinod Kumar Vavilapalli et al. - 2013 - Apache Hadoop YARN Yet Another Resource Negotiator.pdf:pdf},
isbn = {1450324282},
journal = {Proceedings of the 4th annual Symposium on Cloud Computing},
pages = {5},
title = {{Apache hadoop yarn: Yet another resource negotiator}},
year = {2013}
}
%3
@article{heer2012interactive,
  title={Interactive analysis of big data},
  author={Heer, Jeffrey and Kandel, Sean},
  journal={XRDS: Crossroads, The ACM Magazine for Students},
  volume={19},
  number={1},
  pages={50--54},
  year={2012},
  publisher={ACM}
}
%4
@book{zikopoulos2011understanding,
  title={Understanding big data: Analytics for enterprise class hadoop and streaming data},
  author={Zikopoulos, Paul and Eaton, Chris and others},
  year={2011},
  publisher={McGraw-Hill Osborne Media}
}
%5
@inproceedings{saha2015apache,
  title={Apache tez: A unifying framework for modeling and building data processing applications},
  author={Saha, Bikas and Shah, Hitesh and Seth, Siddharth and Vijayaraghavan, Gopal and Murthy, Arun and Curino, Carlo},
  booktitle={Proceedings of the 2015 ACM SIGMOD International Conference on Management of Data},
  pages={1357--1369},
  year={2015},
  organization={ACM}
}
%6
@article{zaharia2010spark,
  title={Spark: Cluster Computing with Working Sets.},
  author={Zaharia, Matei and Chowdhury, Mosharaf and Franklin, Michael J and Shenker, Scott and Stoica, Ion},
  journal={HotCloud},
  volume={10},
  pages={10--10},
  year={2010}
}
%7
@article{hausenblas2013apache,
  title={Apache drill: interactive ad-hoc analysis at scale},
  author={Hausenblas, Michael and Nadeau, Jacques},
  journal={Big Data},
  volume={1},
  number={2},
  pages={100--104},
  year={2013},
  publisher={Mary Ann Liebert, Inc. 140 Huguenot Street, 3rd Floor New Rochelle, NY 10801 USA}
}
%8
@article{iqbal2015big,
  title={Big data analysis: Apache storm perspective},
  author={Iqbal, Muhammad Hussain and Soomro, Tariq Rahim},
  year={2015}
}
%9
@article{schrage1966queue,
  title={The queue M/G/1 with the shortest remaining processing time discipline},
  author={Schrage, Linus E and Miller, Louis W},
  journal={Operations Research},
  volume={14},
  number={4},
  pages={670--684},
  year={1966},
  publisher={INFORMS}
}
%10
@book{bansal2001analysis,
  title={Analysis of SRPT scheduling: Investigating unfairness},
  author={Bansal, Nikhil and Harchol-Balter, Mor},
  volume={29},
  number={1},
  year={2001},
  publisher={ACM}
}
%11
@techreport{harchol1998case,
  title={The case for SRPT scheduling in Web servers},
  author={Harchol-Balter, Mor and Crovella, Mark and Park, Sungsim},
  year={1998},
  institution={Citeseer}
}
%12
%13
%14
%15
@article{pastorelli2015hfsp,
  title={HFSP: Bringing Size-Based Scheduling To Hadoop},
  author={Pastorelli, Michele and Carra, Damiano and Dell'Amico, Matteo and Michiardi, Pietro},
  year={2015},
  publisher={IEEE}
}
%16
@inproceedings{ganapathi2010statistics,
  title={Statistics-driven workload modeling for the cloud},
  author={Ganapathi, Archana and Chen, Yanpei and Fox, Armando and Katz, Randy and Patterson, David},
  booktitle={Data Engineering Workshops (ICDEW), 2010 IEEE 26th International Conference on},
  pages={87--92},
  year={2010},
  organization={IEEE}
}
%17
@inproceedings{friedman2003fairness,
  title={Fairness and efficiency in web server protocols},
  author={Friedman, Eric J and Henderson, Shane G},
  booktitle={ACM SIGMETRICS Performance Evaluation Review},
  volume={31},
  number={1},
  pages={229--237},
  year={2003},
  organization={ACM}
}
%18
@inproceedings{song2013hadoop,
  title={A hadoop mapreduce performance prediction method},
  author={Song, Ge and Meng, Zide and Huet, Fabrice and Magoules, Frederic and Yu, Lei and Lin, Xuelian},
  booktitle={High Performance Computing and Communications \& 2013 IEEE International Conference on Embedded and Ubiquitous Computing (HPCC\_EUC), 2013 IEEE 10th International Conference on},
  pages={820--825},
  year={2013},
  organization={IEEE}
}
%19
@inproceedings{guo2012investigation,
  title={Investigation of data locality in mapreduce},
  author={Guo, Zhenhua and Fox, Geoffrey and Zhou, Mo},
  booktitle={Proceedings of the 2012 12th IEEE/ACM International Symposium on Cluster, Cloud and Grid Computing (ccgrid 2012)},
  pages={419--426},
  year={2012},
  organization={IEEE Computer Society}
}
%20
@inproceedings{gufler2011handing,
  title={Handing data skew in mapreduce},
  author={Gufler, B and Augsten, N and Reiser, A and Kemper, A},
  booktitle={Proceedings of the 1st International Conference on Cloud Computing and Services Science},
  volume={146},
  pages={574--583},
  year={2011}
}
%21
@article{chen2012interactive,
  title={Interactive analytical processing in big data systems: A cross-industry study of mapreduce workloads},
  author={Chen, Yanpei and Alspaugh, Sara and Katz, Randy},
  journal={Proceedings of the VLDB Endowment},
  volume={5},
  number={12},
  pages={1802--1813},
  year={2012},
  publisher={VLDB Endowment}
}
%22
@article{orsini2006generalized,
  title={Generalized least squares for trend estimation of summarized dose-response data},
  author={Orsini, Nicola and Bellocco, Rino and Greenland, Sander and others},
  journal={Stata Journal},
  volume={6},
  number={1},
  pages={40},
  year={2006},
  publisher={Stata press 4905 LAKEWAY PARKWAY, COLLEGE STATION, TX 77845 USA}
}
%23
@inproceedings{ghodsi2011dominant,
  title={Dominant Resource Fairness: Fair Allocation of Multiple Resource Types.},
  author={Ghodsi, Ali and Zaharia, Matei and Hindman, Benjamin and Konwinski, Andy and Shenker, Scott and Stoica, Ion},
  booktitle={NSDI},
  volume={11},
  pages={24--24},
  year={2011}
}
%24
@book{white2012hadoop,
  title={Hadoop: The definitive guide},
  author={White, Tom},
  year={2012},
  publisher={" O'Reilly Media, Inc."}
}
%25
@inproceedings{li2013h,
  title={H-PFSP: Efficient Hybrid Parallel PFSP Protected Scheduling for MapReduce System},
  author={Li, Yin and Lin, Chuang and Ren, Fengyuan and Geng, Yifeng},
  booktitle={Trust, Security and Privacy in Computing and Communications (TrustCom), 2013 12th IEEE International Conference on},
  pages={1099--1106},
  year={2013},
  organization={IEEE}
}
%26
@inproceedings{chen2011case,
  title={The case for evaluating mapreduce performance using workload suites},
  author={Chen, Yanpei and Ganapathi, Archana and Griffith, Rean and Katz, Randy},
  booktitle={Modeling, Analysis \& Simulation of Computer and Telecommunication Systems (MASCOTS), 2011 IEEE 19th International Symposium on},
  pages={390--399},
  year={2011},
  organization={IEEE}
}
